@article{KonradZuseObituary,
  author={Weiss, E.},
  journal={IEEE Annals of the History of Computing}, 
  title={Konrad Zuse Obituary}, 
  year={1996},
  volume={18},
  number={2},
  pages={3-},
  keywords={Obituary;KONRAD ZUSE OBITUARY},
  doi={10.1109/MAHC.1996.489747}}

@article{Moore1965,
  author={Moore, Gordon E.},
  journal={IEEE Solid-State Circuits Society Newsletter}, 
  title={Cramming more components onto integrated circuits, Reprinted from Electronics, volume 38, number 8, April 19, 1965, pp.114 ff.}, 
  year={2006},
  volume={11},
  number={3},
  pages={33-35},
  keywords={Integrated circuits;Computers;Silicon;Films;Heating;Microwave amplifiers;Data mining},
  doi={10.1109/N-SSC.2006.4785860}}

@misc{Samsung_2022, title={Samsung begins chip production using 3NM Process Technology with GAA Architecture}, url={https://news.samsung.com/global/samsung-begins-chip-production-using-3nm-process-technology-with-gaa-architecture}, journal={Samsung Global Newsroom}, publisher={Samsing}, author={Samsung}, year={2022}, month={Jun}} 

@article{2nmGateOxide,
  author={Yang, N. and Henson, W.K. and Wortman, J.J.},
  journal={IEEE Transactions on Electron Devices}, 
  title={A comparative study of gate direct tunneling and drain leakage currents in n-MOSFET's with sub-2 nm gate oxides}, 
  year={2000},
  volume={47},
  number={8},
  pages={1636-1644},
  keywords={MOSFETs},
  doi={10.1109/16.853042}}

@article{Benioff1980,
    author={Benioff, P.},
    journal={Journal of Statistical Physics},
    title={The computer as a physical system: A microscopic quantum mechanical Hamiltonian model of computers as represented by Turing machines},
    year={1980},
    volume={22},
    number={5},
    pages={563-591},
    keywords={Computer as a physical system; microscopic Hamiltonian
models of computers; Schr6dinger equation description of Turing machines;
Coleman model approximation; closed conservative system; quantum spin
lattices},
    doi={10.1007/BF01011339}},
    url={https://doi.org/10.1007/BF01011339}}

@article{Manin1980,
    author={Manin, Yu. I.},
    journal={Sovetskoe Radio},
    title={Vychislimoe i nevychislimoe},
    year={1980},
    pages={13-15}}
    % url={https://web.archive.org/web/20130510173823/http://publ.lib.ru/ARCHIVES/M/MANIN_Yuriy_Ivanovich/Manin_Yu.I._Vychislimoe_i_nevychislimoe.%281980%29.%5Bdjv%5D.zip}}
    
@article{Feynman1982,
    author={Feynman, R. P.},
    journal={International Journal of Theoretical Physics},
    title={Simulating physics with computers},
    year={1982},
    volume={21},
    number={6/7},
    pages={467-488},
    doi={10.1007/BF02650179},
    url={https://doi.org/10.1007/BF02650179}}

@article{BennettBrassard1984,
   title={Quantum cryptography: Public key distribution and coin tossing},
   volume={560},
   ISSN={0304-3975},
   url={http://dx.doi.org/10.1016/j.tcs.2014.05.025},
   DOI={10.1016/j.tcs.2014.05.025},
   journal={Theoretical Computer Science},
   publisher={Elsevier BV},
   author={Bennett, Charles H. and Brassard, Gilles},
   year={2014},
   month=dec, pages={7–11}}

@article{Deutsch1985,
    author = {Deutsch, David},
    title = {Quantum theory, the Church-Turing principle and the universal quantum computer},
    journal = {Proceedings of the Royal Society of London},
    volume = {A400},
    number = {1818},
    pages = {97-117},
    year = {1985},
    doi = {10.1098/rspa.1985.0070},
    url = {https://doi.org/10.1098/rspa.1985.0070}}

@article{BernsteinVazirani1993,
    author = {Bernstein, Ethan and Vazirani, Umesh},
    title = {Quantum complexity theory},
    year = {1993},
    isbn = {0897915917},
    publisher = {Association for Computing Machinery},
    address = {New York, NY, USA},
    url = {https://doi.org/10.1145/167088.167097},
    doi = {10.1145/167088.167097},
    booktitle = {Proceedings of the Twenty-Fifth Annual ACM Symposium on Theory of Computing},
    pages = {11–20},
    numpages = {10},
    location = {San Diego, California, USA},
    series = {STOC '93}}

@article{Simon1994,
  author={Simon, D.R.},
  booktitle={Proceedings 35th Annual Symposium on Foundations of Computer Science}, 
  title={On the power of quantum computation}, 
  year={1994},
  volume={},
  number={},
  pages={116-123},
  keywords={Quantum computing;Turing machines;Quantum mechanics;Computational modeling;Polynomials;Computer simulation;Physics computing;Computer errors;Lakes;Relativistic quantum mechanics},
  doi={10.1109/SFCS.1994.365701},
  url={https://doi.org/10.1109/SFCS.1994.365701}}

@article{Shor1994,
  author={Shor, P.W.},
  booktitle={Proceedings 35th Annual Symposium on Foundations of Computer Science}, 
  title={Algorithms for quantum computation: discrete logarithms and factoring}, 
  year={1994},
  volume={},
  number={},
  pages={124-134},
  keywords={Quantum computing;Quantum mechanics;Polynomials;Computational modeling;Physics computing;Computer simulation;Costs;Mechanical factors;Cryptography;Circuit simulation},
  doi={10.1109/SFCS.1994.365700},
  url={https://doi.org/10.1109/SFCS.1994.365700}}

@article{grover1996,
      title={A fast quantum mechanical algorithm for database search}, 
      author={Lov K. Grover},
      year={1996},
      eprint={quant-ph/9605043},
      archivePrefix={arXiv},
      primaryClass={quant-ph},
      doi={10.48550/arXiv.quant-ph/9605043},
      url={https://doi.org/10.48550/arXiv.quant-ph/9605043}}

@article{Lloyd1996,
    author = {Seth Lloyd },
    title = {Universal Quantum Simulators},
    journal = {Science},
    volume = {273},
    number = {5278},
    pages = {1073-1078},
    year = {1996},
    doi = {10.1126/science.273.5278.1073},
    URL = {https://www.science.org/doi/abs/10.1126/science.273.5278.1073},
    eprint = {https://www.science.org/doi/pdf/10.1126/science.273.5278.1073},
    abstract = {Feynman's 1982 conjecture, that quantum computers can be programmed to simulate any local quantum system, is shown to be correct.}}

@article{ChuangGershefeldKubinec1998,
  title = {Experimental Implementation of Fast Quantum Searching},
  author = {Chuang, Isaac L. and Gershenfeld, Neil and Kubinec, Mark},
  journal = {Phys. Rev. Lett.},
  volume = {80},
  issue = {15},
  pages = {3408--3411},
  numpages = {0},
  year = {1998},
  month = {Apr},
  publisher = {American Physical Society},
  doi = {10.1103/PhysRevLett.80.3408},
  url = {https://link.aps.org/doi/10.1103/PhysRevLett.80.3408}}

@article{Vandersypen2001,
   title={Experimental realization of Shor’s quantum factoring algorithm using nuclear magnetic resonance},
   volume={414},
   ISSN={1476-4687},
   url={http://dx.doi.org/10.1038/414883a},
   DOI={10.1038/414883a},
   number={6866},
   journal={Nature},
   publisher={Springer Science and Business Media LLC},
   author={Vandersypen, Lieven M. K. and Steffen, Matthias and Breyta, Gregory and Yannoni, Costantino S. and Sherwood, Mark H. and Chuang, Isaac L.},
   year={2001},
   month=dec, pages={883–887}}

@article{NakamuraPashkinTsai1999,
   title={Coherent control of macroscopic quantum states in a single-Cooper-pair box},
   author={Y. Nakamura and Yu. A. Pashkin and J. S. Tsai},
   journal={Nature},
   volume={398},
   pages={786-788},
   year={1999},
   month={Apr},
   doi={10.1038/19718},
   url={https://doi.org/10.1038/19718}}

@article{PlantenbergGrootHarmansMooij2007,
    title={Demonstration of controlled-NOT quantum gates on a pair of superconducting quantum bits},
    author={J. H. Plantenberg and P. C. de Groot and C. J. P. M. Harmans and J. E. Mooij},
    journal={Nature},
    volume={447},
    pages={836-839},
    year={2007},
    month={Jun},
    doi={10.1038/nature05896},
    url={https://doi.org/10.1038/nature05896}}

@misc{Atom2023, title={Quantum startup Atom Computing first to exceed 1,000 qubits}, url={https://atom-computing.com/quantum-startup-atom-computing-first-to-exceed-1000-qubits/}, journal={Arom Computing Blog}, publisher={Atom Computing}, author={AtomComputing}, year={2023}, month={Oct}} 

@article{Atom2024,
  title = {Iterative Assembly of ${}^{171}$$\mathrm{Yb}$ Atom Arrays with Cavity-Enhanced Optical Lattices},
  author = {Norcia, M. A. and Kim, H. and Cairncross, W. B. and Stone, M. and Ryou, A. and Jaffe, M. and Brown, M. O. and Barnes, K. and Battaglino, P. and Bohdanowicz, T. C. and Brown, A. and Cassella, K. and Chen, C.-A. and Coxe, R. and Crow, D. and Epstein, J. and Griger, C. and Halperin, E. and Hummel, F. and Jones, A. M. W. and Kindem, J. M. and King, J. and Kotru, K. and Lauigan, J. and Li, M. and Lu, M. and Megidish, E. and Marjanovic, J. and McDonald, M. and Mittiga, T. and Muniz, J. A. and Narayanaswami, S. and Nishiguchi, C. and Paule, T. and Pawlak, K. A. and Peng, L. S. and Pudenz, K. L. and Rodr\'{\i}guez P\'erez, D. and Smull, A. and Stack, D. and Urbanek, M. and van de Veerdonk, R. J. M. and Vendeiro, Z. and Wadleigh, L. and Wilkason, T. and Wu, T.-Y. and Xie, X. and Zalys-Geller, E. and Zhang, X. and Bloom, B. J.},
  journal = {PRX Quantum},
  volume = {5},
  issue = {3},
  pages = {030316},
  numpages = {13},
  year = {2024},
  month = {Jul},
  publisher = {American Physical Society},
  doi = {10.1103/PRXQuantum.5.030316},
  url = {https://link.aps.org/doi/10.1103/PRXQuantum.5.030316}}

@misc{IBM2023,
    title = {The hardware and software for the era of quantum utility is here},
    author = {IBM},
    year = {2023},
    month = {Dec},
    url = {https://www.ibm.com/quantum/blog/quantum-roadmap-2033}}
@misc{AbuGhanem2024,
      title={IBM Quantum Computers: Evolution, Performance, and Future Directions}, 
      author={M. AbuGhanem},
      year={2024},
      eprint={2410.00916},
      archivePrefix={arXiv},
      primaryClass={quant-ph},
      url={https://arxiv.org/abs/2410.00916}, 
}

@article{DiffieHellman1976,
  author={Diffie, W. and Hellman, M.},
  journal={IEEE Transactions on Information Theory}, 
  title={New directions in cryptography}, 
  year={1976},
  volume={22},
  number={6},
  pages={644-654},
  keywords={Cryptography;Receivers;Authentication;Eavesdropping;Costs;Business;Public key cryptography},
  doi={10.1109/TIT.1976.1055638}}

@article{RSA1978,
author = {Rivest, R. L. and Shamir, A. and Adleman, L.},
title = {A method for obtaining digital signatures and public-key cryptosystems},
year = {1978},
issue_date = {Feb. 1978},
publisher = {Association for Computing Machinery},
address = {New York, NY, USA},
volume = {21},
number = {2},
issn = {0001-0782},
url = {https://doi.org/10.1145/359340.359342},
doi = {10.1145/359340.359342},
journal = {Commun. ACM},
month = feb,
pages = {120–126},
numpages = {7},
keywords = {security, public-key cryptosystems, privacy, prime number, message-passing, factorization, electronic mail, electronic funds transfer, digital signatures, cryptography, authentication}
}

@article{Briggs1998,
    author={Briggs, M. E.},
    title={An Introduction to the General Number Field Sieve},
    year={1998},
    url={https://personal.math.vt.edu/brown/doc/briggs_gnfs_thesis.pdf}}

@article{ScarfoneJansenTracy2008,
    author={Scarfone, K. and Jansen, W. and Tracy, M.},
    title={Guide to General Server Security},
    year={2008},
    url={https://doi.org/10.6028/NIST.SP.800-123},
    journal={NIST Special Publication},
    volume={800-123},
    doi={10.6028/NIST.SP.800-123}}

@article{Beckman1996,
  title = {Efficient networks for quantum factoring},
  author = {Beckman, David and Chari, Amalavoyal N. and Devabhaktuni, Srikrishna and Preskill, John},
  journal = {Phys. Rev. A},
  volume = {54},
  issue = {2},
  pages = {1034--1063},
  numpages = {0},
  year = {1996},
  month = {Aug},
  publisher = {American Physical Society},
  doi = {10.1103/PhysRevA.54.1034},
  url = {https://link.aps.org/doi/10.1103/PhysRevA.54.1034}}

@article{HarveyHoeeven2021,
author = {David Harvey and Joris van der Hoeven},
title = {{Integer multiplication in time $O(n\mathrm{log}\, n)$}},
volume = {193},
journal = {Annals of Mathematics},
number = {2},
publisher = {Department of Mathematics of Princeton University},
pages = {563 -- 617},
keywords = {Complexity, FFT, integer multiplication},
year = {2021},
doi = {10.4007/annals.2021.193.2.4},
URL = {https://doi.org/10.4007/annals.2021.193.2.4}
}

@article{BennettBernsteinBrassardVazirani1997,
author = {Bennett, Charles H. and Bernstein, Ethan and Brassard, Gilles and Vazirani, Umesh},
title = {Strengths and Weaknesses of Quantum Computing},
journal = {SIAM Journal on Computing},
volume = {26},
number = {5},
pages = {1510-1523},
year = {1997},
doi = {10.1137/S0097539796300933},
URL = {https://doi.org/10.1137/S0097539796300933}}

@article{Schroedinger1926,
  title = {An Undulatory Theory of the Mechanics of Atoms and Molecules},
  author = {Schr\"odinger, E.},
  journal = {Phys. Rev.},
  volume = {28},
  issue = {6},
  pages = {1049--1070},
  numpages = {0},
  year = {1926},
  month = {Dec},
  publisher = {American Physical Society},
  doi = {10.1103/PhysRev.28.1049},
  url = {https://link.aps.org/doi/10.1103/PhysRev.28.1049}
}

@book{Aaronson2013,
    place={Cambridge}, title={Quantum Computing since Democritus},
    publisher={Cambridge University Press},
    author={Aaronson, Scott},
    year={2013},
    pages = {132},
    url={https://doi.org/10.1017/CBO9780511976667}}

